@inproceedings{linsbichler2015hidden,
  title={The hidden power of abstract argumentation semantics},
  author={Linsbichler, Thomas and Spanring, Christof and Woltran, Stefan},
  booktitle={International Workshop on Theorie and Applications of Formal Argumentation},
  pages={146--162},
  year={2015},
  organization={Springer}
}

@article{dung1995,
  title = "On the acceptability of arguments and its fundamental role in nonmonotonic reasoning, logic programming and n-person games",
  journal = "Artificial Intelligence",
  volume = "77",
  number = "2",
  pages = "321 - 357",
  year = "1995",
  issn = "0004-3702",
  doi = "http://dx.doi.org/10.1016/0004-3702(94)00041-X",
  author = "Phan Minh Dung",
}
